@misc{tencommands,
title = {Ten commandments of Computer Ethics},
author = {Thomas George},
year = {2013},
howpublished = {\url{https://ualr.edu/computerscience-5dove/files/2014/01/IFSC-2200-Computer-Ethics-Student-Paper-1.pdf}},
note={(Accessed 01/11/21)}
}
@misc{ACM,
title = {ACM Code of Ethics},
author = {Don Gotterbarn, Bo Brinkman},
year = {2018},
howpublished = {\url{https://www.acm.org/code-of-ethics#h-1.6-respect-privacy.}},
note={(Accessed 02/11/21)}
}
@misc{ACS,
title = {ACS Code of Ethics},
author = {Australian Computer Society},
year = {2014},
howpublished = {\url{https://teaching.csse.uwa.edu.au/units/CITS3200/ethics/acs-ethics.htm}},
note={(Accessed 02/11/21)}
}
@misc{SYS,
title = {SYSTEM ADMINISTRATORS' CODE OF ETHICS},
author = {Ethics Working Group},
year = {2006},
howpublished = {\url{https://www.usenix.org/system-administrators-code-ethics}},
note={(Accessed 02/11/21)}
}
@misc{casestudy,
title = {Ethical Case Study},
publisher={University of Manchester, COMP10120},
howpublished = {\url{https://online.manchester.ac.uk/bbcswebdav/courses/I3132-COMP-10120-1211-1YR-020952/EthicsCaseStudy.pdf}},
note={(Accessed 02/11/21)}
}